@article{DBLP:journals/jacm/LiuL73,
  author    = {C. L. Liu and
               James W. Layland},
  title     = {Scheduling Algorithms for Multiprogramming in a Hard-Real-Time Environment},
  journal   = {J. {ACM}},
  volume    = {20},
  number    = {1},
  pages     = {46--61},
  year      = {1973},
  doi       = {10.1145/321738.321743},
  timestamp = {Thu, 26 Jan 2012 17:31:31 +0100},
  biburl    = {http://dblp.uni-trier.de/rec/bib/journals/jacm/LiuL73},
  bibsource = {dblp computer science bibliography, http://dblp.org}
}

@inproceedings{DBLP:conf/rtss/LehoczkySS87,
  author    = {John P. Lehoczky and
               Lui Sha and
               Jay K. Strosnider},
  title     = {Enhanced Aperiodic Responsiveness in Hard Real-Time Environments},
  booktitle = {Proceedings of the 8th {IEEE} Real-Time Systems Symposium {(RTSS}
               '87)},
  pages     = {261--270},
  year      = {1987},
  crossref  = {DBLP:conf/rtss/1987},
  timestamp = {Wed, 23 Jan 2013 07:55:26 +0100},
  biburl    = {http://dblp.uni-trier.de/rec/bib/conf/rtss/LehoczkySS87},
  bibsource = {dblp computer science bibliography, http://dblp.org}
}

@proceedings{DBLP:conf/rtss/1987,
  title     = {Proceedings of the 8th {IEEE} Real-Time Systems Symposium {(RTSS}
               '87)},
  year      = {1987},
  isbn      = {0-8186-0815-3},
  timestamp = {Wed, 23 Jan 2013 07:55:26 +0100},
  biburl    = {http://dblp.uni-trier.de/rec/bib/conf/rtss/1987},
  bibsource = {dblp computer science bibliography, http://dblp.org}
}

@article{DBLP:journals/rts/SpruntSL89,
  author    = {Brinkley Sprunt and
               Lui Sha and
               John P. Lehoczky},
  title     = {Aperiodic Task Scheduling for Hard Real-Time Systems},
  journal   = {Real-Time Systems},
  volume    = {1},
  number    = {1},
  pages     = {27--60},
  year      = {1989},
  doi       = {10.1007/BF02341920},
  timestamp = {Fri, 03 Jun 2011 16:03:39 +0200},
  biburl    = {http://dblp.uni-trier.de/rec/bib/journals/rts/SpruntSL89},
  bibsource = {dblp computer science bibliography, http://dblp.org}
}

@inproceedings{DBLP:conf/rtss/LehoczkyR92,
  author    = {John P. Lehoczky and
               S. Ramos{-}Thuel},
  title     = {An optimal algorithm for scheduling soft-aperiodic tasks in fixed-priority
               preemptive systems},
  booktitle = {Proceedings of the Real-Time Systems Symposium},
  pages     = {110--123},
  year      = {1992},
  crossref  = {DBLP:conf/rtss/1992},
  doi       = {10.1109/REAL.1992.242671},
  timestamp = {Tue, 20 Jan 2015 18:19:00 +0100},
  biburl    = {http://dblp.uni-trier.de/rec/bib/conf/rtss/LehoczkyR92},
  bibsource = {dblp computer science bibliography, http://dblp.org}
}

@proceedings{DBLP:conf/rtss/1992,
  title     = {Proceedings of the Real-Time Systems Symposium},
  year      = {1992},
  isbn      = {0-8186-3195-3},
  timestamp = {Tue, 20 Jan 2015 18:19:00 +0100},
  biburl    = {http://dblp.uni-trier.de/rec/bib/conf/rtss/1992},
  bibsource = {dblp computer science bibliography, http://dblp.org}
}

@article{DBLP:journals/tc/StrosniderLS95,
  author    = {Jay K. Strosnider and
               John P. Lehoczky and
               Lui Sha},
  title     = {The Deferrable Server Algorithm for Enhanced Aperiodic Responsiveness
               in Hard Real-Time Environments},
  journal   = IEEE_J_C,
  volume    = {44},
  number    = {1},
  pages     = {73--91},
  year      = {1995},
  doi       = {10.1109/12.368008},
  timestamp = {Thu, 27 Oct 2011 17:40:04 +0200},
  biburl    = {http://dblp.uni-trier.de/rec/bib/journals/tc/StrosniderLS95},
  bibsource = {dblp computer science bibliography, http://dblp.org}
}

@article{DBLP:journals/pe/LeungW82,
  author    = {Joseph Y.{-}T. Leung and
               Jennifer Whitehead},
  title     = {On the complexity of fixed-priority scheduling of periodic, real-time
               tasks},
  journal   = {Perform. Eval.},
  volume    = {2},
  number    = {4},
  pages     = {237--250},
  year      = {1982},
  doi       = {10.1016/0166-5316(82)90024-4},
  timestamp = {Wed, 23 May 2012 21:22:58 +0200},
  biburl    = {http://dblp.uni-trier.de/rec/bib/journals/pe/LeungW82},
  bibsource = {dblp computer science bibliography, http://dblp.org}
}

@article{audsley1993deadline,
  title={Deadline monotonic scheduling theory and application},
  author={Audsley, NC and Burns, Alan and Wellings, AJ},
  journal={Control Engineering Practice},
  volume={1},
  number={1},
  pages={71--78},
  year={1993},
  publisher={Elsevier}
}

@article{DBLP:journals/tc/ShaRL90,
  author    = {Lui Sha and
               Ragunathan Rajkumar and
               John P. Lehoczky},
  title     = {Priority Inheritance Protocols: An Approach to Real-Time Synchronization},
  journal   = IEEE_J_C,
  volume    = {39},
  number    = {9},
  pages     = {1175--1185},
  year      = {1990},
  doi       = {10.1109/12.57058},
  timestamp = {Thu, 27 Oct 2011 17:40:03 +0200},
  biburl    = {http://dblp.uni-trier.de/rec/bib/journals/tc/ShaRL90},
  bibsource = {dblp computer science bibliography, http://dblp.org}
}

@article{dhall1978real,
  title={On a real-time scheduling problem},
  author={Dhall, Sudarshan K and Liu, CL},
  journal={Operations Research},
  volume={26},
  number={1},
  pages={127--140},
  year={1978},
  publisher={INFORMS}
}

@article{DBLP:journals/rts/LopezGDG03,
  author    = {Jos{\'{e}} Mar{\'{\i}}a L{\'{o}}pez and
               Manuel Garc{\'{\i}}a and
               Jos{\'{e}} Luis D{\'{\i}}az and
               Daniel F. Garc{\'{\i}}a},
  title     = {Utilization Bounds for Multiprocessor Rate-Monotonic Scheduling},
  journal   = {Real-Time Systems},
  volume    = {24},
  number    = {1},
  pages     = {5--28},
  year      = {2003},
  doi       = {10.1023/A:1021749005009},
  timestamp = {Fri, 03 Jun 2011 16:03:57 +0200},
  biburl    = {http://dblp.uni-trier.de/rec/bib/journals/rts/LopezGDG03},
  bibsource = {dblp computer science bibliography, http://dblp.org}
}

@article{DBLP:journals/tpds/LopezDG04,
  author    = {Jos{\'{e}} Mar{\'{\i}}a L{\'{o}}pez and
               Jos{\'{e}} Luis D{\'{\i}}az and
               Daniel F. Garc{\'{\i}}a},
  title     = {Minimum and Maximum Utilization Bounds for Multiprocessor Rate Monotonic
               Scheduling},
  journal   = IEEE_J_PDS,
  volume    = {15},
  number    = {7},
  pages     = {642--653},
  year      = {2004},
  doi       = {10.1109/TPDS.2004.25},
  timestamp = {Mon, 17 Jan 2005 15:08:47 +0100},
  biburl    = {http://dblp.uni-trier.de/rec/bib/journals/tpds/LopezDG04},
  bibsource = {dblp computer science bibliography, http://dblp.org}
}

@article{DBLP:journals/tc/BaruahG03,
  author    = {Sanjoy K. Baruah and
               Jo{\"{e}}l Goossens},
  title     = {Rate-Monotonic Scheduling on Uniform Multiprocessors},
  journal   = IEEE_J_C,
  volume    = {52},
  number    = {7},
  pages     = {966--970},
  year      = {2003},
  doi       = {10.1109/TC.2003.1214344},
  timestamp = {Wed, 26 Oct 2011 12:01:25 +0200},
  biburl    = {http://dblp.uni-trier.de/rec/bib/journals/tc/BaruahG03},
  bibsource = {dblp computer science bibliography, http://dblp.org}
}

@article{DBLP:journals/rts/OhS94,
  author    = {Yingfeng Oh and
               Sang Hyuk Son},
  title     = {Enhancing Fault-Tolerance in Rate-Monotonic Scheduling},
  journal   = {Real-Time Systems},
  volume    = {7},
  number    = {3},
  pages     = {315--329},
  year      = {1994},
  doi       = {10.1007/BF01088524},
  timestamp = {Fri, 03 Jun 2011 16:03:45 +0200},
  biburl    = {http://dblp.uni-trier.de/rec/bib/journals/rts/OhS94},
  bibsource = {dblp computer science bibliography, http://dblp.org}
}

@article{DBLP:journals/rts/GhoshMMS98,
  author    = {Sunondo Ghosh and
               Rami G. Melhem and
               Daniel Moss{\'{e}} and
               Joydeep Sen Sarma},
  title     = {Fault-Tolerant Rate-Monotonic Scheduling},
  journal   = {Real-Time Systems},
  volume    = {15},
  number    = {2},
  pages     = {149--181},
  year      = {1998},
  doi       = {10.1023/A:1008046012844},
  timestamp = {Fri, 03 Jun 2011 16:03:50 +0200},
  biburl    = {http://dblp.uni-trier.de/rec/bib/journals/rts/GhoshMMS98},
  bibsource = {dblp computer science bibliography, http://dblp.org}
}

@article{DBLP:journals/tpds/BertossiMR99,
  author    = {Alan A. Bertossi and
               Luigi V. Mancini and
               Federico Rossini},
  title     = {Fault-Tolerant Rate-Monotonic First-Fit Scheduling in Hard-Real-Time
               Systems},
  journal   = IEEE_J_PDS,
  volume    = {10},
  number    = {9},
  pages     = {934--945},
  year      = {1999},
  doi       = {10.1109/71.798317},
  timestamp = {Thu, 03 Nov 2011 17:03:48 +0100},
  biburl    = {http://dblp.uni-trier.de/rec/bib/journals/tpds/BertossiMR99},
  bibsource = {dblp computer science bibliography, http://dblp.org}
}

@inproceedings{DBLP:conf/rtss/LehoczkySD89,
  author    = {John P. Lehoczky and
               Lui Sha and
               Y. Ding},
  title     = {The Rate Monotonic Scheduling Algorithm: Exact Characterization and
               Average Case Behavior},
  booktitle = {Proceedings of the Real-Time Systems Symposium},
  pages     = {166--171},
  year      = {1989},
  crossref  = {DBLP:conf/rtss/1989},
  doi       = {10.1109/REAL.1989.63567},
  timestamp = {Tue, 20 Jan 2015 18:19:00 +0100},
  biburl    = {http://dblp.uni-trier.de/rec/bib/conf/rtss/LehoczkySD89},
  bibsource = {dblp computer science bibliography, http://dblp.org}
}

@proceedings{DBLP:conf/rtss/1989,
  title     = {Proceedings of the Real-Time Systems Symposium},
  year      = {1989},
  isbn      = {0-8186-2004-8},
  timestamp = {Tue, 20 Jan 2015 18:19:00 +0100},
  biburl    = {http://dblp.uni-trier.de/rec/bib/conf/rtss/1989},
  bibsource = {dblp computer science bibliography, http://dblp.org}
}

@inproceedings{DBLP:conf/rtss/KuoM91,
  author    = {Tei{-}Wei Kuo and
               Aloysius K. Mok},
  title     = {Load Adjustment in Adaptive Real-Time Systems},
  booktitle = {Proceedings of the Real-Time Systems Symposium},
  pages     = {160--170},
  year      = {1991},
  crossref  = {DBLP:conf/rtss/1991},
  doi       = {10.1109/REAL.1991.160369},
  timestamp = {Tue, 20 Jan 2015 18:19:00 +0100},
  biburl    = {http://dblp.uni-trier.de/rec/bib/conf/rtss/KuoM91},
  bibsource = {dblp computer science bibliography, http://dblp.org}
}

@proceedings{DBLP:conf/rtss/1991,
  title     = {Proceedings of the Real-Time Systems Symposium},
  year      = {1991},
  isbn      = {0-8186-2450-7},
  timestamp = {Tue, 20 Jan 2015 18:19:00 +0100},
  biburl    = {http://dblp.uni-trier.de/rec/bib/conf/rtss/1991},
  bibsource = {dblp computer science bibliography, http://dblp.org}
}

@article{DBLP:journals/tc/BiniBB03,
  author    = {Enrico Bini and
               Giorgio C. Buttazzo and
               Giuseppe M. Buttazzo},
  title     = {Rate Monotonic Analysis: The Hyperbolic Bound},
  journal   = IEEE_J_C,
  volume    = {52},
  number    = {7},
  pages     = {933--942},
  year      = {2003},
  doi       = {10.1109/TC.2003.1214341},
  timestamp = {Fri, 31 Jan 2014 09:19:03 +0100},
  biburl    = {http://dblp.uni-trier.de/rec/bib/journals/tc/BiniBB03},
  bibsource = {dblp computer science bibliography, http://dblp.org}
}

@phdthesis{gardner1999,
  title={Probabilistic analysis and scheduling of critical soft real-time systems},
  author={Mark K. Gardner},
  year={1999},
  school={University of Illinois at Urbana-Champaign},
}

@article{DBLP:journals/iandc/MeseguerR13,
  author    = {Jos{\'{e}} Meseguer and
               Grigore Rosu},
  title     = {The rewriting logic semantics project: A progress report},
  journal   = {Inf. Comput.},
  volume    = {231},
  pages     = {38--69},
  year      = {2013},
  doi       = {10.1016/j.ic.2013.08.004},
  timestamp = {Thu, 09 Oct 2014 15:02:02 +0200},
  biburl    = {http://dblp.uni-trier.de/rec/bib/journals/iandc/MeseguerR13},
  bibsource = {dblp computer science bibliography, http://dblp.org}
}

@article{DBLP:journals/cacm/Leroy09,
  author    = {Xavier Leroy},
  title     = {Formal verification of a realistic compiler},
  journal   = {Commun. {ACM}},
  volume    = {52},
  number    = {7},
  pages     = {107--115},
  year      = {2009},
  doi       = {10.1145/1538788.1538814},
  timestamp = {Thu, 02 Jul 2009 13:36:32 +0200},
  biburl    = {http://dblp.uni-trier.de/rec/bib/journals/cacm/Leroy09},
  bibsource = {dblp computer science bibliography, http://dblp.org}
}

@inproceedings{DBLP:conf/sosp/KleinEHACDEEKNSTW09,
  author    = {Gerwin Klein and
               Kevin Elphinstone and
               Gernot Heiser and
               June Andronick and
               David Cock and
               Philip Derrin and
               Dhammika Elkaduwe and
               Kai Engelhardt and
               Rafal Kolanski and
               Michael Norrish and
               Thomas Sewell and
               Harvey Tuch and
               Simon Winwood},
  title     = {seL4: formal verification of an {OS} kernel},
  booktitle = {Proceedings of the 22nd {ACM} Symposium on Operating Systems Principles
               2009},
  pages     = {207--220},
  year      = {2009},
  crossref  = {DBLP:conf/sosp/2009},
  doi       = {10.1145/1629575.1629596},
  timestamp = {Mon, 22 Jun 2015 17:24:48 +0200},
  biburl    = {http://dblp.uni-trier.de/rec/bib/conf/sosp/KleinEHACDEEKNSTW09},
  bibsource = {dblp computer science bibliography, http://dblp.org}
}

@proceedings{DBLP:conf/sosp/2009,
  title     = {Proceedings of the 22nd {ACM} Symposium on Operating Systems Principles
               2009},
  year      = {2009},
  doi       = {10.1145/1629575},
  isbn      = {978-1-60558-752-3},
  timestamp = {Mon, 22 Jun 2015 17:24:48 +0200},
  biburl    = {http://dblp.uni-trier.de/rec/bib/conf/sosp/2009},
  bibsource = {dblp computer science bibliography, http://dblp.org}
}

@inproceedings{DBLP:conf/iceccs/CuiDT14,
  author    = {Jin Cui and
               Zhenhua Duan and
               Cong Tian},
  title     = {Model Checking Rate-Monotonic Scheduler with {TMSVL}},
  booktitle = {19th International Conference on Engineering of Complex Computer
               Systems},
  pages     = {202--205},
  year      = {2014},
  crossref  = {DBLP:conf/iceccs/2014},
  doi       = {10.1109/ICECCS.2014.37},
  timestamp = {Thu, 23 Apr 2015 17:57:22 +0200},
  biburl    = {http://dblp.uni-trier.de/rec/bib/conf/iceccs/CuiDT14},
  bibsource = {dblp computer science bibliography, http://dblp.org}
}

@proceedings{DBLP:conf/iceccs/2014,
  title     = {19th International Conference on Engineering of Complex Computer
               Systems},
  year      = {2014},
  isbn      = {978-1-4799-5482-7},
  timestamp = {Thu, 23 Apr 2015 17:57:18 +0200},
  biburl    = {http://dblp.uni-trier.de/rec/bib/conf/iceccs/2014},
  bibsource = {dblp computer science bibliography, http://dblp.org}
}

@article{TianD2011,
  title = {Model Checking Rate Monotonic Scheduling Algorithm Based on Propositional Projection Temporal Logic},
  author = {Cong Tian and
            Zhenhua Duan},
  journal = {Journal of Software},
  year = {2011},
  volume = {22},
  number = {2},  
  pages = {211--221},
  note = {in {Chinese}}
}

@article{DBLP:journals/tse/KatcherAS93,
  author    = {Daniel I. Katcher and
               Hiroshi Arakawa and
               Jay K. Strosnider},
  title     = {Engineering and Analysis of Fixed Priority Schedulers},
  journal   = IEEE_J_SE,
  volume    = {19},
  number    = {9},
  pages     = {920--934},
  year      = {1993},
  doi       = {10.1109/32.241774},
  timestamp = {Mon, 07 Nov 2011 16:59:21 +0100},
  biburl    = {http://dblp.uni-trier.de/rec/bib/journals/tse/KatcherAS93},
  bibsource = {dblp computer science bibliography, http://dblp.org}
}

@article{DBLP:journals/jlp/Meseguer12,
  author    = {Jos{\'{e}} Meseguer},
  title     = {Twenty years of rewriting logic},
  journal   = {J. Log. Algebr. Program.},
  volume    = {81},
  number    = {7-8},
  pages     = {721--781},
  year      = {2012},
  doi       = {10.1016/j.jlap.2012.06.003},
  timestamp = {Thu, 22 Nov 2012 12:50:47 +0100},
  biburl    = {http://dblp.uni-trier.de/rec/bib/journals/jlp/Meseguer12},
  bibsource = {dblp computer science bibliography, http://dblp.org}
}


@article{DBLP:journals/lisp/OlveczkyM07,
  author    = {Peter Csaba {\"{O}}lveczky and
               Jos{\'{e}} Meseguer},
  title     = {Semantics and pragmatics of Real-Time Maude},
  journal   = {Higher-Order and Symbolic Computation},
  volume    = {20},
  number    = {1-2},
  pages     = {161--196},
  year      = {2007},
  doi       = {10.1007/s10990-007-9001-5},
  timestamp = {Tue, 18 Sep 2007 12:02:14 +0200},
  biburl    = {http://dblp.uni-trier.de/rec/bib/journals/lisp/OlveczkyM07},
  bibsource = {dblp computer science bibliography, http://dblp.org}
}

@article{DBLP:journals/entcs/OlveczkyM07a,
  author    = {Peter Csaba {\"{O}}lveczky and
               Jos{\'{e}} Meseguer},
  title     = {Abstraction and Completeness for Real-Time Maude},
  journal   = {Electr. Notes Theor. Comput. Sci.},
  volume    = {176},
  number    = {4},
  pages     = {5--27},
  year      = {2007},
  doi       = {10.1016/j.entcs.2007.06.005},
  timestamp = {Fri, 21 Sep 2007 12:20:16 +0200},
  biburl    = {http://dblp.uni-trier.de/rec/bib/journals/entcs/OlveczkyM07a},
  bibsource = {dblp computer science bibliography, http://dblp.org}
}

@article{DBLP:journals/tie/MiyawakiMSYV05,
  author    = {Fujio Miyawaki and
               Ken Masamune and
               Satoshi Suzuki and
               Kitaro Yoshimitsu and
               Juri Vain},
  title     = {Scrub nurse robot system-intraoperative motion analysis of a scrub
               nurse and timed-automata-based model for surgery},
  journal   = IEEE_J_IE,
  volume    = {52},
  number    = {5},
  pages     = {1227--1235},
  year      = {2005},
  doi       = {10.1109/TIE.2005.855692},
  timestamp = {Tue, 18 Jun 2013 19:19:06 +0200},
  biburl    = {http://dblp.uni-trier.de/rec/bib/journals/tie/MiyawakiMSYV05},
  bibsource = {dblp computer science bibliography, http://dblp.org}
}

@article{DBLP:journals/tie/JiangZLDSGS15,
  author    = {Yu Jiang and
               Hehua Zhang and
               Zonghui Li and
               Yangdong Deng and
               Xiaoyu Song and
               Ming Gu and
               Jia{-}Guang Sun},
  title     = {Design and Optimization of Multiclocked Embedded Systems Using Formal
               Techniques},
  journal   = IEEE_J_IE,
  volume    = {62},
  number    = {2},
  pages     = {1270--1278},
  year      = {2015},
  doi       = {10.1109/TIE.2014.2316234},
  timestamp = {Wed, 09 Mar 2016 14:40:54 +0100},
  biburl    = {http://dblp.uni-trier.de/rec/bib/journals/tie/JiangZLDSGS15},
  bibsource = {dblp computer science bibliography, http://dblp.org}
}

@article{DBLP:journals/tcs/ClavelDELMMQ02,
  author    = {Manuel Clavel and
               Francisco Dur{\'{a}}n and
               Steven Eker and
               Patrick Lincoln and
               Narciso Mart{\'{\i}}{-}Oliet and
               Jos{\'{e}} Meseguer and
               Jose F. Quesada},
  title     = {Maude: specification and programming in rewriting logic},
  journal   = {Theor. Comput. Sci.},
  volume    = {285},
  number    = {2},
  pages     = {187--243},
  year      = {2002},
  doi       = {10.1016/S0304-3975(01)00359-0},
  timestamp = {Fri, 19 Dec 2003 10:09:00 +0100},
  biburl    = {http://dblp.uni-trier.de/rec/bib/journals/tcs/ClavelDELMMQ02},
  bibsource = {dblp computer science bibliography, http://dblp.org}
}

@inproceedings{DBLP:conf/icfem/HanDW12,
  author    = {Meng Han and
               Zhenhua Duan and
               Xiaobing Wang},
  title     = {Time Constraints with Temporal Logic Programming},
  booktitle = {Formal Methods and Software Engineering - 14th International Conference
               on Formal Engineering Methods, {ICFEM} 2012. Proceedings},
  pages     = {266--282},
  year      = {2012},
  crossref  = {DBLP:conf/icfem/2012},
  doi       = {10.1007/978-3-642-34281-3\_20},
  timestamp = {Sat, 09 Mar 2013 16:54:49 +0100},
  biburl    = {http://dblp.uni-trier.de/rec/bib/conf/icfem/HanDW12},
  bibsource = {dblp computer science bibliography, http://dblp.org}
}

@proceedings{DBLP:conf/icfem/2012,
  title     = {Formal Methods and Software Engineering - 14th International Conference
               on Formal Engineering Methods, {ICFEM} 2012. Proceedings},
  series    = {Lecture Notes in Computer Science},
  volume    = {7635},
  year      = {2012},
  doi       = {10.1007/978-3-642-34281-3},
  isbn      = {978-3-642-34280-6},
  timestamp = {Sat, 09 Mar 2013 16:54:49 +0100},
  biburl    = {http://dblp.uni-trier.de/rec/bib/conf/icfem/2012},
  bibsource = {dblp computer science bibliography, http://dblp.org}
}

@article{DBLP:journals/tse/Holzmann97,
  author    = {Gerard J. Holzmann},
  title     = {The Model Checker {SPIN}},
  journal   = IEEE_J_SE,
  volume    = {23},
  number    = {5},
  pages     = {279--295},
  year      = {1997},
  doi       = {10.1109/32.588521},
  timestamp = {Thu, 10 Dec 2015 11:33:16 +0100},
  biburl    = {http://dblp.uni-trier.de/rec/bib/journals/tse/Holzmann97},
  bibsource = {dblp computer science bibliography, http://dblp.org}
}